<?xml version="1.0" encoding="UTF-8"?><collection><record><leader>06351ntm a2200553 a 4500</leader><controlfield tag="001">006804983</controlfield><controlfield tag="003">MiAaHDL</controlfield><controlfield tag="005">20190719000000.0</controlfield><controlfield tag="006">m        d        </controlfield><controlfield tag="007">cr bn ---auaua</controlfield><controlfield tag="008">090529q14211422tu            00| ||ara d</controlfield><datafield tag="035" ind1=" " ind2=" "><subfield code="a">(MiU)006804983</subfield></datafield><datafield tag="035" ind1=" " ind2=" "><subfield code="a">sdr-miu006804983</subfield></datafield><datafield tag="040" ind1=" " ind2=" "><subfield code="a">MiU</subfield><subfield code="c">MiU</subfield><subfield code="e">amremm</subfield></datafield><datafield tag="043" ind1=" " ind2=" "><subfield code="a">n-us-mi</subfield></datafield><datafield tag="100" ind1="0" ind2=" "><subfield code="6">880-01</subfield><subfield code="a">Shihāb al-Dīn Aḥmad ibn Maḥmūd al-Sīwāsī,</subfield><subfield code="d">d. 1400.</subfield></datafield><datafield tag="245" ind1="1" ind2="0"><subfield code="6">880-03</subfield><subfield code="a">Sharḥ al-Farāʼiḍ,</subfield><subfield code="f">[825, i.e. 1421 or 1422].</subfield></datafield><datafield tag="246" ind1="3" ind2=" "><subfield code="i">Title from inscription on 'title page' (p.1):</subfield><subfield code="a">كتاب شهاب الدين</subfield></datafield><datafield tag="260" ind1=" " ind2=" "><subfield code="a">[Bursa?,</subfield><subfield code="c">1421 or 1422].</subfield></datafield><datafield tag="300" ind1=" " ind2=" "><subfield code="a">58 leaves :</subfield><subfield code="b">paper ;</subfield><subfield code="c">184 x 140 (125 x 87) mm.</subfield></datafield><datafield tag="500" ind1=" " ind2=" "><subfield code="a">Shelfmark: Ann Arbor, University of Michigan, Special Collections Library, Isl. Ms. 573</subfield></datafield><datafield tag="500" ind1=" " ind2=" "><subfield code="a">Origin: As appears in colophon on p.116, copied and collated from a copy itself copied and collated from a copy in the hand of the author, with transcription completed 825 [1421 or 2] in Bursa [?].</subfield></datafield><datafield tag="500" ind1=" " ind2=" "><subfield code="a">Accompanying materials: a. Acquisitions slip from Yahuda -- b. Inventory cataloguing slip in hand of Winifred Smeaton Thomas.</subfield></datafield><datafield tag="500" ind1=" " ind2=" "><subfield code="a">Former shelfmark: From inscription on 'title page' (p.1) and trace of paper cover (between pp.64-65) "IL 203" (likely supplied by Yahuda, see acquisitions slip).</subfield></datafield><datafield tag="500" ind1=" " ind2=" "><subfield code="a">Binding: Textblock only, covers lacking ; traces of adhesive and paper cover (see scrap between pp.64-65 carrying label with shelfmark) at spine ; sewn in blue thread, two stations, missing from many quires ; in fair condition considering covers gone, some spine slant, minor abrasion and tears.</subfield></datafield><datafield tag="500" ind1=" " ind2=" "><subfield code="a">Support: non-European (likely Arab) laid paper with 8 laid lines per cm. (vertical, fairly distinct), chain lines (horizontal) grouped in threes with 9-11 mm. between chains and 40-50 between groups ; somewhat cloudy formation, some inclusions, quite well-burnished with burnisher's marks visible.</subfield></datafield><datafield tag="500" ind1=" " ind2=" "><subfield code="a">Decoration: Abbreviation symbols, keywords and section headings rubricated ; several diagrams in red and brown ink tracing inheritance distribution.</subfield></datafield><datafield tag="500" ind1=" " ind2=" "><subfield code="a">Script: Naskh with influence of nastaʻlīq ; fine Turkish or 'Syrian' [?] hand ; virtually serifless with marked tilt to the right, very slight effect of words descending to baseline, wajh al-hirr usually used for initial hāʼ, pointing in strokes rather than distinct dots, elongation of horizontal strokes, free assimilation of letters, etc.</subfield></datafield><datafield tag="500" ind1=" " ind2=" "><subfield code="a">Layout: Written mainly in 21 to 23 lines per page ; frame-ruled.</subfield></datafield><datafield tag="500" ind1=" " ind2=" "><subfield code="a">Collation: 5 V(50), IV (58), i ; almost exclusively quinions ; catchwords present ; pagination in pencil, Western numerals, supplied during digitization.</subfield></datafield><datafield tag="500" ind1=" " ind2=" "><subfield code="a">Colophon: "Scribal," reads "تم شرح الفرائض بعون الله وحسن توفيقه هذا الشرح الشريف كتب وقوبل وصحح بقدر الوسع والامكان من النسخة التي كتبت وقوبلت من النسخة التي كتبت بيد الشارح شهاب الدين رحمة الله عليه رحمة واسعة رحمة الله لمن دعا لكاتبه ولسائر المسلمين والمسلمات يا قاضي الحاجات امين يا رب العالمين تاريخ سنة خمس وعشرون وثمانمائة تم الكتاب وقت الظهور شهر بورسة [؟]"</subfield></datafield><datafield tag="500" ind1=" " ind2=" "><subfield code="a">Explicit: "ولبنته ستون ولمولاه عشرة دنانير فيكون للام من كلي الثلثين اربعون ... اما اذا علم ولكن جهل عينه اعطى كل واحد منهم اليقين ويوقف المشكوك فيه حتى يتيقن اذا يصطلحوا فيما بينهم"</subfield></datafield><datafield tag="500" ind1=" " ind2=" "><subfield code="a">Incipit: "الحمد لله الذي ابرز بالفرائض بهجة رياض الشرع واظهر بها [؟] قوانين الاصل والفرع ... اما بعد فلما كان خير ما يصرف الانسان عن وسعه ... هو علم الفرائض ... وكان مما صنف فيه كتاب الشيخ الامام ... سراج الائمة تاج الامة ... وقد كنت سامعا من افواه العلماء والسن الفضلاء فيه ابحاثا شريعة ... فوجه عنان الالتماس الي جمع من الطلبة المترددين على ان اجمع لهم تلك الفوائد كما سمعتها عنهم بالفاظهم الفرائد فجمعتها جمعا يتضح به الكتاب غاية الوضوح ..."</subfield></datafield><datafield tag="500" ind1=" " ind2=" "><subfield code="a">Title from colophon on p.116.</subfield></datafield><datafield tag="500" ind1=" " ind2=" "><subfield code="a">Ms. codex.</subfield></datafield><datafield tag="510" ind1="4" ind2=" "><subfield code="a">Brockelmann, C. GAL,</subfield><subfield code="c">I 378-9 (26/I. cmtre 4) ; S II 973</subfield></datafield><datafield tag="520" ind1="8" ind2=" "><subfield code="a">Fine early copy of the commentary by Shihāb al-Dīn Abū al-Ḥāmid Aḥmad ibn Maḥmūd al-Sīwāsī (d.1400) upon the celebrated work on the law of inheritance by Sirāj al-Dīn Muḥammad ibn Muḥammad al-Sajāwandī (fl. 12th cent.).</subfield></datafield><datafield tag="538" ind1=" " ind2=" "><subfield code="a">Mode of access: Internet.</subfield></datafield><datafield tag="541" ind1=" " ind2=" "><subfield code="a">Acquired in 1926 from the bookseller Isaac Benjamin S.E. Yahuda via purchase transacted on his behalf by Abraham Shalom Yahuda (1877-1951), his younger brother.</subfield></datafield><datafield tag="546" ind1=" " ind2=" "><subfield code="a">Arabic.</subfield></datafield><datafield tag="561" ind1=" " ind2=" "><subfield code="a">Ownership statement on 'title page' (p.1) in name of Ibrāhīm ibn Muḥarram al-Basnawī [al-Busnawī] (İbrahim bin Muharrem el-Bosnevî), reads "مما تملكه الفقير اليه تعالى ابراهيم بن محرم البسنوى غفر الله له ولوالديه واحسن اليهما واليه" ; dated statement on 'title page' (p.1) partially lost to damage ; numerous glosses and marginal corrections ; many excerpts at opening and close of codex.</subfield></datafield><datafield tag="600" ind1="1" ind2="0"><subfield code="a">Sajāwandī, Sirāj al-Dīn Muḥammad ibn Muḥammad,</subfield><subfield code="d">active 12th century.</subfield><subfield code="t">Farāʼiḍ al-Sirājīyah.</subfield></datafield><datafield tag="650" ind1=" " ind2="0"><subfield code="a">Manuscripts, Arabic</subfield><subfield code="z">Michigan</subfield><subfield code="z">Ann Arbor.</subfield></datafield><datafield tag="650" ind1=" " ind2="0"><subfield code="a">Inheritance and succession (Islamic law)</subfield><subfield code="v">Early works to 1800.</subfield></datafield><datafield tag="700" ind1="0" ind2=" "><subfield code="6">880-05</subfield><subfield code="a">İbrahim bin Muharrem el-Bosnevî,</subfield><subfield code="e">former owner.</subfield></datafield><datafield tag="773" ind1="0" ind2=" "><subfield code="a">Yahuda Collection.</subfield></datafield><datafield tag="880" ind1="0" ind2=" "><subfield code="6">700-05/</subfield><subfield code="a">ابراهيم بن محرم البسنوي،</subfield><subfield code="e">مالك سابق.</subfield></datafield><datafield tag="880" ind1="1" ind2="0"><subfield code="6">245-03/</subfield><subfield code="a">شرح الفرائض,</subfield><subfield code="f">[825ه، 1421 أو 1422م].</subfield></datafield><datafield tag="880" ind1="0" ind2=" "><subfield code="6">100-01/</subfield><subfield code="a">شهاب الدين احمد بن محمود السيواسي.</subfield></datafield><datafield tag="CID" ind1=" " ind2=" "><subfield code="a">006804983</subfield></datafield><datafield tag="DAT" ind1="0" ind2=" "><subfield code="a">20190719102636.0</subfield><subfield code="b">20190719000000.0</subfield></datafield><datafield tag="DAT" ind1="1" ind2=" "><subfield code="a">20190719090653.0</subfield><subfield code="b">2019-07-19T16:11:31Z</subfield></datafield><datafield tag="DAT" ind1="2" ind2=" "><subfield code="a">2015-10-02T18:00:03Z</subfield></datafield><datafield tag="CAT" ind1=" " ind2=" "><subfield code="a">SDR-MIU</subfield><subfield code="d">EX LIBRIS - ALEPH</subfield><subfield code="l">prepare.pl-004-008</subfield></datafield><datafield tag="FMT" ind1=" " ind2=" "><subfield code="a">BK</subfield></datafield><datafield tag="HOL" ind1=" " ind2=" "><subfield code="0">sdr-miu006804983</subfield><subfield code="a">MiU</subfield><subfield code="b">SDR</subfield><subfield code="c">MIU</subfield><subfield code="p">mdp.39015079127000</subfield><subfield code="s">MIU</subfield><subfield code="1">006804983</subfield></datafield><datafield tag="974" ind1=" " ind2=" "><subfield code="b">MIU</subfield><subfield code="c">MIU</subfield><subfield code="d">20190719</subfield><subfield code="s">lit-dlps-dc</subfield><subfield code="u">mdp.39015079127000</subfield><subfield code="y">1422</subfield><subfield code="r">pd</subfield><subfield code="q">bib</subfield><subfield code="t">non-US bib date2 &lt; 1896</subfield></datafield></record></collection>